@inproceedings{goodfellow2014generative,
  title={Generative adversarial nets},
  author={Goodfellow, Ian and Pouget-Abadie, Jean and Mirza, Mehdi and Xu, Bing and Warde-Farley, David and Ozair, Sherjil and Courville, Aaron and Bengio, Yoshua},
  booktitle={Advances in neural information processing systems},
  pages={2672--2680},
  year={2014}
}
@inproceedings{isola2017image,
  title={Image-to-image translation with conditional adversarial networks},
  author={Isola, Phillip and Zhu, Jun-Yan and Zhou, Tinghui and Efros, Alexei A},
  booktitle={IEEE Conference on Computer Vision and Pattern Recognition},
  year={2017}
}
@inproceedings{CycleGAN2017,
  title={Unpaired Image-to-Image Translation using Cycle-Consistent Adversarial Networks},
  author={Zhu, Jun-Yan and Park, Taesung and Isola, Phillip and Efros, Alexei A},
  booktitle={Computer Vision (ICCV), 2017 IEEE International Conference on},
  year={2017}
}
@article{stoller2019training,
  title={Training Generative Adversarial Networks from Incomplete Observations using Factorised Discriminators},
  author={Stoller, Daniel and Ewert, Sebastian and Dixon, Simon},
  journal={arXiv preprint arXiv:1905.12660},
  year={2019}
}
@inproceedings{baek2019character,
  title={Character region awareness for text detection},
  author={Baek, Youngmin and Lee, Bado and Han, Dongyoon and Yun, Sangdoo and Lee, Hwalsuk},
  booktitle={Proceedings of the IEEE Conference on Computer Vision and Pattern Recognition},
  pages={9365--9374},
  year={2019}
}
@article{lecun2015deep,
  title={Deep learning},
  author={LeCun, Yann and Bengio, Yoshua and Hinton, Geoffrey},
  journal={nature},
  volume={521},
  number={7553},
  pages={436--444},
  year={2015},
  publisher={Nature Publishing Group}
}
@misc{neuron,
  author = {Shubh Saxena},
  title = {{Artificial Neuron Networks(Basics) | Introduction to Neural Networks}},
  howpublished = "\url{http://becominghuman.ai/artificial-neuron-networks-basics-introduction-to-neural-networks-3082f1dcca8c}",
  year = {2017},
  note = {"Online; accessed 07-June-2020"}
}
@misc{factgit,
  author = {Daniel Stoller},
  title = {{Architecture of Factor GAN}},
  howpublished = "\url{https://github.com/f90/FactorGAN}",
  year = {2020},
  note = {"Online; accessed 07-June-2020"}
}
@inproceedings{johnson2016perceptual,
  title={Perceptual losses for real-time style transfer and super-resolution},
  author={Johnson, Justin and Alahi, Alexandre and Fei-Fei, Li},
  booktitle={European conference on computer vision},
  pages={694--711},
  howpublished = "\url{https://cs.stanford.edu/people/jcjohns/papers/fast-style/fast-style-supp.pdf}",
  year={2016},
  organization={Springer}
}
@misc{activation,
  author = {Shruti Jadon},
  title = {{Introduction to Different Activation Functions for Deep Learning}},
  howpublished = "\url{https://medium.com/@shrutijadon10104776/survey-on-activation-functions-for-deep-learning-9689331ba092}",
  year = {2018},
  note = {"Online; accessed 07-June-2020"}
}
@article{kingma2014adam,
  title={Adam: A method for stochastic optimization},
  author={Kingma, Diederik P and Ba, Jimmy},
  journal={arXiv preprint arXiv:1412.6980},
  year={2014}
}
@article{srivastava2014dropout,
  title={Dropout: a simple way to prevent neural networks from overfitting},
  author={Srivastava, Nitish and Hinton, Geoffrey and Krizhevsky, Alex and Sutskever, Ilya and Salakhutdinov, Ruslan},
  journal={The journal of machine learning research},
  volume={15},
  number={1},
  pages={1929--1958},
  year={2014},
  publisher={JMLR. org}
}
@misc{cnn,
  author = {Sumit Saha},
  title = {{A Comprehensive Guide to Convolutional Neural Networks — the ELI5 way}},
  howpublished = "\url{https://towardsdatascience.com/a-comprehensive-guide-to-convolutional-neural-networks-the-eli5-way-3bd2b1164a53}",
  year = {2018},
  note = {"Online; accessed 07-June-2020"}
}
@book{Goodfellow-et-al-2016,
    title={Deep Learning},
    author={Ian Goodfellow and Yoshua Bengio and Aaron Courville},
    publisher={MIT Press},
    note={\url{http://www.deeplearningbook.org}},
    year={2016}
}
@misc{convolution,
  author = {Anh Vo},
  title = {{Deep Learning – Computer Vision and Convolutional Neural Networks}},
  howpublished = "\url{https://anhvnn.wordpress.com/2018/02/01/deep-learning-computer-vision-and-convolutional-neural-networks/}",
  year = {2018},
  note = {"Online; accessed 07-June-2020"}
}
@misc{cnneqn,
  author = {Fabien Moutarde},
  title = {{convnet-notebook.html}},
  howpublished = "\url{http://perso.mines-paristech.fr/fabien.moutarde/ES_MachineLearning/TP_convNets/convnet-notebook.html}",
  year = {2018},
  note = {"Online; accessed 07-June-2020"}
}
@article{ioffe2015batch,
  title={Batch normalization: Accelerating deep network training by reducing internal covariate shift},
  author={Ioffe, Sergey and Szegedy, Christian},
  journal={arXiv preprint arXiv:1502.03167},
  year={2015}
}
@article{ulyanov2016instance,
  title={Instance normalization: The missing ingredient for fast stylization},
  author={Ulyanov, Dmitry and Vedaldi, Andrea and Lempitsky, Victor},
  journal={arXiv preprint arXiv:1607.08022},
  year={2016}
}
@misc{gandist,
  author = {Sofia Vallecorsa},
  title = {{Detector Simulation and Machine Learning }},
  howpublished = "\url{https://indico.cern.ch/event/659928/contributions/2691911/attachments/1508729/2351970/DetSim_MachineLearning.pdf}",
  year = {2017},
  note = {"Slide no 13; accessed 07-June-2020"}
}
@misc{craft,
  author = {Hwalsuk Lee},
  title = {{The CRAFT process}},
  howpublished = "\url{https://www.youtube.com/watch?v=HI8MzpY8KMI}",
  year = {2019},
  note = {"Online; accessed 07-June-2020"}
}

@misc{gans,
  author = {Mathworks},
  title = {{Train Conditional Generative Adversarial Network (CGAN)}},
  howpublished = "\url{https://de.mathworks.com/help/deeplearning/ug/train-conditional-generative-adversarial-network.html}",
  year = {2020},
  note = {"Online; accessed 07-June-2020"}
}
@misc{ocr,
  author = {AICompare},
  title = {{Optical Character Recognition (OCR) : Which solution to choose?}},
  howpublished = "\url{https://medium.com/@aicompare/optical-character-recognition-ocr-which-solution-to-choose-cd4f829c4e5}",
  year = {2020},
  note = {"Online; accessed 07-June-2020"}
}
@article{zhong2019anchor,
  title={An anchor-free region proposal network for Faster R-CNN-based text detection approaches},
  author={Zhong, Zhuoyao and Sun, Lei and Huo, Qiang},
  journal={International Journal on Document Analysis and Recognition (IJDAR)},
  volume={22},
  number={3},
  pages={315--327},
  year={2019},
  publisher={Springer}
}@inproceedings{nagaoka2017text,
  title={Text detection by faster R-CNN with multiple region proposal networks},
  author={Nagaoka, Yoshito and Miyazaki, Tomo and Sugaya, Yoshihiro and Omachi, Shinichiro},
  booktitle={2017 14th IAPR International Conference on Document Analysis and Recognition (ICDAR)},
  volume={6},
  pages={15--20},
  year={2017},
  organization={IEEE}
}
@inproceedings{tian2016detecting,
  title={Detecting text in natural image with connectionist text proposal network},
  author={Tian, Zhi and Huang, Weilin and He, Tong and He, Pan and Qiao, Yu},
  booktitle={European conference on computer vision},
  pages={56--72},
  year={2016},
  organization={Springer}
}
@inproceedings{shi2017detecting,
  title={Detecting oriented text in natural images by linking segments},
  author={Shi, Baoguang and Bai, Xiang and Belongie, Serge},
  booktitle={Proceedings of the IEEE Conference on Computer Vision and Pattern Recognition},
  pages={2550--2558},
  year={2017}
}
@inproceedings{zhou2017east,
  title={EAST: an efficient and accurate scene text detector},
  author={Zhou, Xinyu and Yao, Cong and Wen, He and Wang, Yuzhi and Zhou, Shuchang and He, Weiran and Liang, Jiajun},
  booktitle={Proceedings of the IEEE conference on Computer Vision and Pattern Recognition},
  pages={5551--5560},
  year={2017}
}
@inproceedings{wang2019shape,
  title={Shape robust text detection with progressive scale expansion network},
  author={Wang, Wenhai and Xie, Enze and Li, Xiang and Hou, Wenbo and Lu, Tong and Yu, Gang and Shao, Shuai},
  booktitle={Proceedings of the IEEE Conference on Computer Vision and Pattern Recognition},
  pages={9336--9345},
  year={2019}
}
@inproceedings{tian2019learning,
  title={Learning shape-aware embedding for scene text detection},
  author={Tian, Zhuotao and Shu, Michelle and Lyu, Pengyuan and Li, Ruiyu and Zhou, Chao and Shen, Xiaoyong and Jia, Jiaya},
  booktitle={Proceedings of the IEEE Conference on Computer Vision and Pattern Recognition},
  pages={4234--4243},
  year={2019}
}
@misc{icdar,
  author = {ICDAR15},
  title = {{ICDAR 2015 dataset}},
  howpublished = "\url{https://rrc.cvc.uab.es/}",
  year = {2015},
  note = {"Online; accessed 15-June-2020"}
}
@misc{msra,
  author = {MSRA-TD500},
  title = {{MSRA-Text Detection 500 dataset}},
  howpublished = "\url{http://www.iapr-tc11.org/mediawiki/index.php/MSRA_Text_Detection_500_Database_(MSRA-TD500)}",
  year = {2012},
  note = {"Online; accessed 15-June-2020"}
  
}
@article{yuan2019ctw,
  author  = {Tai{-}Ling Yuan and Zhe Zhu and Kun Xu and Cheng{-}Jun Li and Tai{-}Jiang Mu and Shi{-}Min Hu},
  title   = {A Large Chinese Text Dataset in the Wild},
  journal = {Journal of Computer Science and Technology},
  volume  = {34},
  number  = {3},
  pages   = {509--521},
  year    = {2019},
}
@inproceedings{wang2019arbitrary,
  title={Arbitrary shape scene text detection with adaptive text region representation},
  author={Wang, Xiaobing and Jiang, Yingying and Luo, Zhenbo and Liu, Cheng-Lin and Choi, Hyunsoo and Kim, Sungjin},
  booktitle={Proceedings of the IEEE Conference on Computer Vision and Pattern Recognition},
  pages={6449--6458},
  year={2019}
}
@inproceedings{duan2005building,
  title={Building an automatic vehicle license plate recognition system},
  author={Duan, Tran Duc and Du, TL Hong and Phuoc, Tran Vinh and Hoang, Nguyen Viet},
  booktitle={Proc. Int. Conf. Comput. Sci. RIVF},
  volume={1},
  pages={59--63},
  year={2005},
  organization={Citeseer}
}
@article{zang2015vehicle,
  title={Vehicle license plate recognition using visual attention model and deep learning},
  author={Zang, Di and Chai, Zhenliang and Zhang, Junqi and Zhang, Dongdong and Cheng, Jiujun},
  journal={Journal of Electronic Imaging},
  volume={24},
  number={3},
  pages={033001},
  year={2015},
  publisher={International Society for Optics and Photonics}
}
@book{impedovo2012fundamentals,
  title={Fundamentals in handwriting recognition},
  author={Impedovo, Sebastiano},
  volume={124},
  year={2012},
  publisher={Springer Science \& Business Media}
}
@inproceedings{milewski2006extraction,
  title={Extraction of handwritten text from carbon copy medical form images},
  author={Milewski, Robert and Govindaraju, Venu},
  booktitle={International Workshop on Document Analysis Systems},
  pages={106--116},
  year={2006},
  organization={Springer}
}
@inproceedings{novak2013recognition,
  title={Recognition of distorted characters printed on metal using fuzzy logic methods},
  author={Nov{\'a}k, Vil{\'e}m and Hurt{\'\i}k, Petr and Habiballa, Hashim},
  booktitle={2013 Joint IFSA World Congress and NAFIPS Annual Meeting (IFSA/NAFIPS)},
  pages={733--738},
  year={2013},
  organization={IEEE}
}
@article{yu2017engraving,
  title={An Engraving Character Recognition System Based on Machine Vision},
  author={YU, WANG and WU, ZHIHENG and LIU, HONGBIN and CHEN, QIYU and DUAN, XIANYUN and MO, JUEXIAN and TONG, JIGANG and LIAO, FEI and LIN, QINGLIN},
  journal={DEStech Transactions on Computer Science and Engineering},
  number={aiea},
  year={2017}
}
@article{hinton2012improving,
  title={Improving neural networks by preventing co-adaptation of feature detectors},
  author={Hinton, Geoffrey E and Srivastava, Nitish and Krizhevsky, Alex and Sutskever, Ilya and Salakhutdinov, Ruslan R},
  journal={arXiv preprint arXiv:1207.0580},
  year={2012}
}
@inproceedings{girshick2014rich,
  title={Rich feature hierarchies for accurate object detection and semantic segmentation},
  author={Girshick, Ross and Donahue, Jeff and Darrell, Trevor and Malik, Jitendra},
  booktitle={Proceedings of the IEEE conference on computer vision and pattern recognition},
  pages={580--587},
  year={2014}
}
@article{russakovsky2015imagenet,
  title={Imagenet large scale visual recognition challenge},
  author={Russakovsky, Olga and Deng, Jia and Su, Hao and Krause, Jonathan and Satheesh, Sanjeev and Ma, Sean and Huang, Zhiheng and Karpathy, Andrej and Khosla, Aditya and Bernstein, Michael and others},
  journal={International journal of computer vision},
  volume={115},
  number={3},
  pages={211--252},
  year={2015},
  publisher={Springer}
}
@article{simonyan2014very,
  title={Very deep convolutional networks for large-scale image recognition},
  author={Simonyan, Karen and Zisserman, Andrew},
  journal={arXiv preprint arXiv:1409.1556},
  year={2014}
}
@inproceedings{bui2017selecting,
  title={Selecting automatically pre-processing methods to improve OCR performances},
  author={Bui, Quang Anh and Mollard, David and Tabbone, Salvatore},
  booktitle={2017 14th IAPR International Conference on Document Analysis and Recognition (ICDAR)},
  volume={1},
  pages={169--174},
  year={2017},
  organization={IEEE}
}
@inproceedings{hosangadi2019ocr,
  title={OCR-friendly Image Synthesis using Generative Adversarial Networks},
  author={Hosangadi, Raunak and Adiga, Darshan and Vyeth, Viveka},
  booktitle={Proceedings of the 2019 8th International Conference on Computing and Pattern Recognition},
  pages={226--234},
  year={2019}
}
@inproceedings{karimi2020illegible,
  title={Illegible Text to Readable Text: An Image-to-Image Transformation using Conditional Sliced Wasserstein Adversarial Networks},
  author={Karimi, Mostafa and Veni, Gopalkrishna and Yu, Yen-Yun},
  booktitle={Proceedings of the IEEE/CVF Conference on Computer Vision and Pattern Recognition Workshops},
  pages={552--553},
  year={2020}
}
@inproceedings{lat2018enhancing,
  title={Enhancing OCR Accuracy with Super Resolution},
  author={Lat, Ankit and Jawahar, CV},
  booktitle={2018 24th International Conference on Pattern Recognition (ICPR)},
  pages={3162--3167},
  year={2018},
  organization={IEEE}
}
@inproceedings{laroca2018robust,
  title={A robust real-time automatic license plate recognition based on the YOLO detector},
  author={Laroca, Rayson and Severo, Evair and Zanlorensi, Luiz A and Oliveira, Luiz S and Gon{\c{c}}alves, Gabriel Resende and Schwartz, William Robson and Menotti, David},
  booktitle={2018 International Joint Conference on Neural Networks (IJCNN)},
  pages={1--10},
  year={2018},
  organization={IEEE}
}
@inproceedings{he2016deep,
  title={Deep residual learning for image recognition},
  author={He, Kaiming and Zhang, Xiangyu and Ren, Shaoqing and Sun, Jian},
  booktitle={Proceedings of the IEEE conference on computer vision and pattern recognition},
  pages={770--778},
  year={2016}
}
@inproceedings{li2016precomputed,
  title={Precomputed real-time texture synthesis with markovian generative adversarial networks},
  author={Li, Chuan and Wand, Michael},
  booktitle={European conference on computer vision},
  pages={702--716},
  year={2016},
  organization={Springer}
}
@inproceedings{tripathy2018learning,
  title={Learning image-to-image translation using paired and unpaired training samples},
  author={Tripathy, Soumya and Kannala, Juho and Rahtu, Esa},
  booktitle={Asian Conference on Computer Vision},
  pages={51--66},
  year={2018},
  organization={Springer}
}
@article{almahairi2018augmented,
  title={Augmented cyclegan: Learning many-to-many mappings from unpaired data},
  author={Almahairi, Amjad and Rajeswar, Sai and Sordoni, Alessandro and Bachman, Philip and Courville, Aaron},
  journal={arXiv preprint arXiv:1802.10151},
  year={2018}
}
@inproceedings{ronneberger2015u,
  title={U-net: Convolutional networks for biomedical image segmentation},
  author={Ronneberger, Olaf and Fischer, Philipp and Brox, Thomas},
  booktitle={International Conference on Medical image computing and computer-assisted intervention},
  pages={234--241},
  year={2015},
  organization={Springer}
}
@inproceedings{baek2019wrong,
  title={What is wrong with scene text recognition model comparisons? dataset and model analysis},
  author={Baek, Jeonghun and Kim, Geewook and Lee, Junyeop and Park, Sungrae and Han, Dongyoon and Yun, Sangdoo and Oh, Seong Joon and Lee, Hwalsuk},
  booktitle={Proceedings of the IEEE International Conference on Computer Vision},
  pages={4715--4723},
  year={2019}
}
@InProceedings{Gupta16,
  author       = "Ankush Gupta and Andrea Vedaldi and Andrew Zisserman",
  title        = "Synthetic Data for Text Localisation in Natural Images",
  booktitle    = "IEEE Conference on Computer Vision and Pattern Recognition",
  year         = "2016",
}
@article{borji2019pros,
  title={Pros and cons of gan evaluation measures},
  author={Borji, Ali},
  journal={Computer Vision and Image Understanding},
  volume={179},
  pages={41--65},
  year={2019},
  publisher={Elsevier}
}
@inproceedings{salimans2016improved,
  title={Improved techniques for training gans},
  author={Salimans, Tim and Goodfellow, Ian and Zaremba, Wojciech and Cheung, Vicki and Radford, Alec and Chen, Xi},
  booktitle={Advances in neural information processing systems},
  pages={2234--2242},
  year={2016}
}
@article{yang2018mri,
  title={MRI cross-modality neuroimage-to-neuroimage translation},
  author={Yang, Qianye and Li, Nannan and Zhao, Zixu and Fan, Xingyu and Chang, Eric I and Xu, Yan and others},
  journal={arXiv preprint arXiv:1801.06940},
  year={2018}
}
@article{wang2004image,
  title={Image quality assessment: from error visibility to structural similarity},
  author={Wang, Zhou and Bovik, Alan C and Sheikh, Hamid R and Simoncelli, Eero P},
  journal={IEEE transactions on image processing},
  volume={13},
  number={4},
  pages={600--612},
  year={2004},
  publisher={IEEE}
}
@inproceedings{heusel2017gans,
  title={Gans trained by a two time-scale update rule converge to a local nash equilibrium},
  author={Heusel, Martin and Ramsauer, Hubert and Unterthiner, Thomas and Nessler, Bernhard and Hochreiter, Sepp},
  booktitle={Advances in neural information processing systems},
  pages={6626--6637},
  year={2017}
}
@article{miyato2018spectral,
  title={Spectral normalization for generative adversarial networks},
  author={Miyato, Takeru and Kataoka, Toshiki and Koyama, Masanori and Yoshida, Yuichi},
  journal={arXiv preprint arXiv:1802.05957},
  year={2018}
}
@inproceedings{patil2015engraved,
  title={Engraved character recognition using computer vision to recognize engine and chassis numbers: Computer vision technique to identify engraved numbers},
  author={Patil, Aniket V and Dhanvijay, Mrinai M},
  booktitle={2015 International Conference on Information Processing (ICIP)},
  pages={151--154},
  year={2015},
  organization={IEEE}
}
@article{xiang2018metal,
  title={Metal stamping character recognition algorithm based on multi-directional illumination image fusion enhancement technology},
  author={Xiang, Zhong and You, Zhaolin and Qian, Miao and Zhang, Jianfeng and Hu, Xudong},
  journal={EURASIP Journal on Image and Video Processing},
  volume={2018},
  number={1},
  pages={80},
  year={2018},
  publisher={Springer}
}
@inproceedings{hu2019embossed,
  title={Embossed Characters Enhancement Based on Convolutional Neural Network},
  author={Hu, Wei and Su, Yijing and Li, Jun},
  booktitle={Proceedings of the 2019 International Conference on Artificial Intelligence and Advanced Manufacturing},
  pages={1--5},
  year={2019}
}
@misc{googleapi,
  author = {Google},
  title = {{Cloud Vision documentation}},
  howpublished = "\url{https://cloud.google.com/vision/docs}",
  year={2016},
  note = {"Online; accessed 09-July-2020"}
}
@misc{compocrs,
  author = {Ted Han and Amanda Hickman},
  title = {{Our Search for the Best OCR Tool, and What We Found}},
  howpublished = "\url{https://source.opennews.org/articles/so-many-ocr-options/}",
  year={2019},
  note = {"Online; accessed 09-July-2020"}
}
@misc{aidlml,
  author = {Rupali Roy},
  title = {{AI, ML, and DL: How not to get them mixed!}},
  howpublished = "\url{https://towardsdatascience.com/understanding-the-difference-between-ai-ml-and-dl-cceb63252a6c}",
  year={2020},
  note = {"Online; accessed 19-July-2020"}
}
@article{raka2019ocr,
  title={OCR to read embossed text from Credit/Debit card},
  author={Raka, Pranav and Agrawal, Sakshi Pravin},
  year={2019}
}
@article{karras2017progressive,
  title={Progressive growing of gans for improved quality, stability, and variation},
  author={Karras, Tero and Aila, Timo and Laine, Samuli and Lehtinen, Jaakko},
  journal={arXiv preprint arXiv:1710.10196},
  year={2017}
}
@article{brock2018large,
  title={Large scale gan training for high fidelity natural image synthesis},
  author={Brock, Andrew and Donahue, Jeff and Simonyan, Karen},
  journal={arXiv preprint arXiv:1809.11096},
  year={2018}
}
@article{jin2017towards,
  title={Towards the automatic anime characters creation with generative adversarial networks},
  author={Jin, Yanghua and Zhang, Jiakai and Li, Minjun and Tian, Yingtao and Zhu, Huachun and Fang, Zhihao},
  journal={arXiv preprint arXiv:1708.05509},
  year={2017}
}
@inproceedings{zhang2017stackgan,
  title={Stackgan: Text to photo-realistic image synthesis with stacked generative adversarial networks},
  author={Zhang, Han and Xu, Tao and Li, Hongsheng and Zhang, Shaoting and Wang, Xiaogang and Huang, Xiaolei and Metaxas, Dimitris N},
  booktitle={Proceedings of the IEEE international conference on computer vision},
  pages={5907--5915},
  year={2017}
}
@inproceedings{reed2016learning,
  title={Learning what and where to draw},
  author={Reed, Scott E and Akata, Zeynep and Mohan, Santosh and Tenka, Samuel and Schiele, Bernt and Lee, Honglak},
  booktitle={Advances in neural information processing systems},
  pages={217--225},
  year={2016}
}
@article{reed2016generative,
  title={Generative adversarial text to image synthesis},
  author={Reed, Scott and Akata, Zeynep and Yan, Xinchen and Logeswaran, Lajanugen and Schiele, Bernt and Lee, Honglak},
  journal={arXiv preprint arXiv:1605.05396},
  year={2016}
}
@article{dash2017tac,
  title={Tac-gan-text conditioned auxiliary classifier generative adversarial network},
  author={Dash, Ayushman and Gamboa, John Cristian Borges and Ahmed, Sheraz and Liwicki, Marcus and Afzal, Muhammad Zeshan},
  journal={arXiv preprint arXiv:1703.06412},
  year={2017}
}
@article{fiore2019using,
  title={Using generative adversarial networks for improving classification effectiveness in credit card fraud detection},
  author={Fiore, Ugo and De Santis, Alfredo and Perla, Francesca and Zanetti, Paolo and Palmieri, Francesco},
  journal={Information Sciences},
  volume={479},
  pages={448--455},
  year={2019},
  publisher={Elsevier}
}
@article{frid2018gan,
  title={GAN-based synthetic medical image augmentation for increased CNN performance in liver lesion classification},
  author={Frid-Adar, Maayan and Diamant, Idit and Klang, Eyal and Amitai, Michal and Goldberger, Jacob and Greenspan, Hayit},
  journal={Neurocomputing},
  volume={321},
  pages={321--331},
  year={2018},
  publisher={Elsevier}
}
@misc{nn,
  author = {alexlenail},
  title = {Publication-ready NN-architecture schematics},
  howpublished = "\url{http://alexlenail.me/NN-SVG/index.html}",
  year={2018},
  note = {"Online; accessed 09-July-2020"}
}
@inproceedings{cordts2016cityscapes,
  title={The cityscapes dataset for semantic urban scene understanding},
  author={Cordts, Marius and Omran, Mohamed and Ramos, Sebastian and Rehfeld, Timo and Enzweiler, Markus and Benenson, Rodrigo and Franke, Uwe and Roth, Stefan and Schiele, Bernt},
  booktitle={Proceedings of the IEEE conference on computer vision and pattern recognition},
  pages={3213--3223},
  year={2016}
}
@misc{resnet,
  author = {Aditi Mittal},
  title = {Introduction to U-Net and Res-Net for Image Segmentation},
  howpublished = "\url{https://towardsdatascience.com/introduction-to-u-net-and-res-net-for-image-segmentation-9afcb432ee2f}",
  year={2019},
  note = {"Online; accessed 09-June-2020"}
}
